@article{aa,
  title = {Linux: 10 Reasons Why Linux Is Better Than Windows},
  author = {Author Name},
}

@online{2,
  title = {Algebra Formulas},
  url = {https://byjus.com/algebra-formulas/}
}

@online{3,
  title = {Matrix (Mathematics)},
  author = {{Wikipedia}},
  year = {Year},
  url = {https://en.wikipedia.org/wiki/Matrix(mathematics)}
}

@online{4,
  title = {LaTeX Documentation},
  author = {{COEP Moodle}},
  year = {Year},
  url = {https://moodle.coep.org.in/moodle/pluginfile.php/281745/modesource/content/1/latex}
}

@online{5,
  title = {5 Reasons Why Linux Is Better Than Windows for Servers},
  author = {{Tutorialspoint}},
  year = {Year},
  url = {https://www.tutorialspoint.com/5-reasons-why-linux-is-better-than-windows-for-servers}
}

@online{6,
  title = {Algebraic Equation},
  author = {{Encyclopedia Britannica}},
  year = {Year},
  url = {https://www.britannica.com/science/algebraic-equation}
}

@online{7,
  title = {Integration Formulas - Trig, Definite Integrals, Properties, and More},
  author = {{Teachoo}},
  year = {Year},
  url = {https://www.teachoo.com/5643/728/Integration-Formulas---Trig--Definite-Integrals-Properties-and-more/category/Miscellaneous/}
}

